
@book{userstorieskamthan,
    author    = "Pankaj Kamthan",
    title     = "User Stories in Context",
    year      = "2019",
}

@book{usermodelingkamthan,
    author    = "Pankaj Kamthan",
    title     = "Introduction to User Modeling",
    year      = "2019",
}

@book{traceabilitykamthan,
	author = {Pankaj Kamthan},
	title = {Traceability in Software Requirements},
	date = {2019},
}


@book{qualitykamthan,
	author = {Pankaj Kamthan},
	title = {Introduction to Software Product quality},
	date = {2019},
}

@online{stmonline,
	author = {STM},
	title = {STM website},
	date = {2019},
	url = {http://www.stm.info/en},
}

