
@book{contextofusecasekamthan,
    author    = "Pankaj Kamthan",
    title     = "Understanding Context",
    year      = "2019",
}

@book{domainkamthan,
    author    = "Pankaj Kamthan",
    title     = "Introduction to Domain Modeling",
    year      = "2019",
}

@book{usecasekamthan,
	author = {Pankaj Kamthan},
	title = {Use Case Modeling},
	date = {2019},
}


@book{mindmapkamthan,
	author = {Pankaj Kamthan},
	title = {BrainStorming and Mind Map},
	date = {2019},
}

@book{negativeusecasekamthan,
	author = {Pankaj Kamthan},
	title = {Negative Use Case Modeling},
	date = {2019},
}


@online{stmonline,
	author = {STM},
	title = {STM website},
	date = {2019},
	url = {http://www.stm.info/en},
}

